<?xml version="1.0" encoding="UTF-8"?>
  <record xmlns="http://www.loc.gov/MARC21/slim" type="Authority">
    <leader>00000nz  a2200000oc 4500</leader>
    <controlfield tag="001">1225698065</controlfield>
    <controlfield tag="003">DE-101</controlfield>
    <controlfield tag="005">20210125113353.0</controlfield>
    <controlfield tag="008">210125n||aznnnaabn           | ana    |c</controlfield>
    <datafield tag="024" ind1="7" ind2=" ">
      <subfield code="a">1225698065</subfield>
      <subfield code="0">http://d-nb.info/gnd/1225698065</subfield>
      <subfield code="2">gnd</subfield>
    </datafield>
    <datafield tag="035" ind1=" " ind2=" ">
      <subfield code="a">(DE-101)1225698065</subfield>
    </datafield>
    <datafield tag="035" ind1=" " ind2=" ">
      <subfield code="a">(DE-588)1225698065</subfield>
    </datafield>
    <datafield tag="040" ind1=" " ind2=" ">
      <subfield code="a">DE-17</subfield>
      <subfield code="c">DE-17</subfield>
      <subfield code="9">r:DE-1</subfield>
      <subfield code="b">ger</subfield>
      <subfield code="d">0017</subfield>
      <subfield code="e">rda</subfield>
    </datafield>
    <datafield tag="042" ind1=" " ind2=" ">
      <subfield code="a">gnd3</subfield>
    </datafield>
    <datafield tag="043" ind1=" " ind2=" ">
      <subfield code="c">XA-DE</subfield>
    </datafield>
    <datafield tag="075" ind1=" " ind2=" ">
      <subfield code="b">b</subfield>
      <subfield code="2">gndgen</subfield>
    </datafield>
    <datafield tag="075" ind1=" " ind2=" ">
      <subfield code="b">piz</subfield>
      <subfield code="2">gndspec</subfield>
    </datafield>
    <datafield tag="079" ind1=" " ind2=" ">
      <subfield code="a">g</subfield>
      <subfield code="q">f</subfield>
    </datafield>
    <datafield tag="110" ind1="2" ind2=" ">
      <subfield code="a">Sodalitas Academica B. Mariae V. Annuntiatae</subfield>
      <subfield code="g">Bamberg</subfield>
    </datafield>
    <datafield tag="410" ind1="2" ind2=" ">
      <subfield code="a">Sodalitas Academica Major</subfield>
      <subfield code="g">Bamberg</subfield>
    </datafield>
    <datafield tag="410" ind1="2" ind2=" ">
      <subfield code="a">Sodalitas Academica Maior</subfield>
      <subfield code="g">Bamberg</subfield>
    </datafield>
    <datafield tag="410" ind1="2" ind2=" ">
      <subfield code="a">Sodalitas Major Academica</subfield>
      <subfield code="g">Bamberg</subfield>
    </datafield>
    <datafield tag="410" ind1="2" ind2=" ">
      <subfield code="a">Sodalitas Maior Academica</subfield>
      <subfield code="g">Bamberg</subfield>
    </datafield>
    <datafield tag="410" ind1="2" ind2=" ">
      <subfield code="a">Sodalitas B. M. Virginis</subfield>
      <subfield code="g">Bamberg</subfield>
    </datafield>
    <datafield tag="410" ind1="2" ind2=" ">
      <subfield code="a">Congregatio Major Academica B. V. Annuntiatae</subfield>
      <subfield code="g">Bamberg</subfield>
    </datafield>
    <datafield tag="410" ind1="2" ind2=" ">
      <subfield code="a">Congregatio Maior Academica B. V. Annuntiatae</subfield>
      <subfield code="g">Bamberg</subfield>
    </datafield>
    <datafield tag="410" ind1="2" ind2=" ">
      <subfield code="a">Congregatio Academica Major</subfield>
      <subfield code="g">Bamberg</subfield>
    </datafield>
    <datafield tag="410" ind1="2" ind2=" ">
      <subfield code="a">Congregatio Academica Maior</subfield>
      <subfield code="g">Bamberg</subfield>
    </datafield>
    <datafield tag="410" ind1="2" ind2=" ">
      <subfield code="a">Congregatio Major Academica Beatae Virginis Annuntiatae</subfield>
      <subfield code="g">Bamberg</subfield>
    </datafield>
    <datafield tag="410" ind1="2" ind2=" ">
      <subfield code="a">Congregatio Maior Academica Beatae Virginis Annuntiatae</subfield>
      <subfield code="g">Bamberg</subfield>
    </datafield>
    <datafield tag="410" ind1="2" ind2=" ">
      <subfield code="a">Congregatio Major Academica B. M. V. Annuntiatae</subfield>
      <subfield code="g">Bamberg</subfield>
    </datafield>
    <datafield tag="410" ind1="2" ind2=" ">
      <subfield code="a">Congregatio Maior Academica B. M. V. Annuntiatae</subfield>
      <subfield code="g">Bamberg</subfield>
    </datafield>
    <datafield tag="410" ind1="2" ind2=" ">
      <subfield code="a">Congregatio Maior Academica Beatae Mariae Virginis ab Angelo Salutatae</subfield>
      <subfield code="g">Bamberg</subfield>
    </datafield>
    <datafield tag="410" ind1="2" ind2=" ">
      <subfield code="a">Congregatio Maior Academica Herbipolensis</subfield>
    </datafield>
    <datafield tag="410" ind1="2" ind2=" ">
      <subfield code="a">Academische Congregation der Verkündigung Mariae</subfield>
      <subfield code="g">Bamberg</subfield>
    </datafield>
    <datafield tag="410" ind1="2" ind2=" ">
      <subfield code="a">Akademische Kongregation der Verkündigung Mariae</subfield>
      <subfield code="g">Bamberg</subfield>
    </datafield>
    <datafield tag="410" ind1="2" ind2=" ">
      <subfield code="a">Hochlöbliche Academische Congregation der Verkündigung Unserer Lieben Frauen</subfield>
      <subfield code="g">Bamberg</subfield>
    </datafield>
    <datafield tag="410" ind1="2" ind2=" ">
      <subfield code="a">Hochlöbliche Akademische Kongregation der Verkündigung Unserer Lieben Frauen</subfield>
      <subfield code="g">Bamberg</subfield>
    </datafield>
    <datafield tag="500" ind1="1" ind2=" ">
      <subfield code="0">(DE-101)1067541551</subfield>
      <subfield code="0">(DE-588)1067541551</subfield>
      <subfield code="0">https://d-nb.info/gnd/1067541551</subfield>
      <subfield code="a">Ringer, Johann Georg</subfield>
      <subfield code="d">-1691</subfield>
      <subfield code="4">rela</subfield>
      <subfield code="4">https://d-nb.info/standards/elementset/gnd#relatedPerson</subfield>
      <subfield code="w">r</subfield>
      <subfield code="i">Relation allgemein</subfield>
      <subfield code="e">Relation allgemein</subfield>
    </datafield>
    <datafield tag="548" ind1=" " ind2=" ">
      <subfield code="a">1677</subfield>
      <subfield code="4">datw</subfield>
      <subfield code="4">https://d-nb.info/standards/elementset/gnd#periodOfActivity</subfield>
      <subfield code="w">r</subfield>
      <subfield code="i">Wirkungsdaten</subfield>
    </datafield>
    <datafield tag="551" ind1=" " ind2=" ">
      <subfield code="0">(DE-101)040043916</subfield>
      <subfield code="0">(DE-588)4004391-5</subfield>
      <subfield code="0">https://d-nb.info/gnd/4004391-5</subfield>
      <subfield code="a">Bamberg</subfield>
      <subfield code="4">ortb</subfield>
      <subfield code="4">https://d-nb.info/standards/elementset/gnd#placeOfCustody</subfield>
      <subfield code="w">r</subfield>
      <subfield code="i">Aufbewahrungsort</subfield>
    </datafield>
  </record>
